@article{xie2007,
  author = {Zhi Xie and Don Kulasiri and Sandhya Samarasinghe and Channa Rajanayaka},
  title = {The estimation of parameters for stochastic differential equations using neural networks},
  journal = {Inverse Problems in Science and Engineering},
  volume = {15},
  pages = {629–641},
  year = {2007}
}

@inproceedings{yuan2023,
  author = {Geng Yuan and Hiroaki Mukaidani and Tadashi Shima},
  title = {Uncertainty quantification in neural networks using stochastic differential equations},
  booktitle = {2023 62nd Annual Conference of the Society of Instrument and Control Engineers (SICE)},
  pages = {1543–1548},
  year = {2023}
}

@article{widianto2023,
  author = {Aldi Eka Wahyu Widianto and Endah R.M. Putri and Imam Mukhlash and Mohammad Iqbal},
  title = {European high-dimensional option pricing using backward stochastic differential equation-based convolutional neural network},
  journal = {Proceedings of the 2023 6th International Conference on Mathematics and Statistics},
  year = {2023}
}

@article{paudel2020,
  author = {Dilli Paudel and Hendrik Boogaard and Allard de Wit and Sander Janssen and Sjoukje A. Osinga and Christos Pylianidis and Ioannis N. Athanasiadis},
  title = {Machine learning for large-scale crop yield forecasting},
  journal = {Agricultural Systems},
  year = {2020}
}
